<record><leader>00000cas a22000007a 4500</leader><controlfield tag="001">10266554</controlfield><controlfield tag="008">840105d18691872nvuwr ne      0    0eng d</controlfield><datafield ind1=" " ind2=" " tag="010"><subfield code="a">sn 84022043 </subfield></datafield><datafield ind1=" " ind2=" " tag="040"><subfield code="a">NPX</subfield><subfield code="b">eng</subfield><subfield code="c">NPX</subfield><subfield code="d">UNP</subfield><subfield code="d">NNX</subfield><subfield code="d">CNK</subfield><subfield code="d">OCLCQ</subfield><subfield code="d">YUS</subfield><subfield code="d">OCLCO</subfield><subfield code="d">OCLCF</subfield></datafield><datafield ind1=" " ind2=" " tag="042"><subfield code="a">msc</subfield></datafield><datafield ind1=" " ind2=" " tag="043"><subfield code="a">n-us-nv</subfield></datafield><datafield ind1=" " ind2="4" tag="050"><subfield code="a">AN2.N3</subfield><subfield code="b">E44</subfield></datafield><datafield ind1="0" ind2=" " tag="130"><subfield code="a">Elko independent (Elko, Nev. : 1869)</subfield></datafield><datafield ind1="1" ind2="4" tag="245"><subfield code="a">The Elko independent.</subfield></datafield><datafield ind1=" " ind2=" " tag="260"><subfield code="a">Elko, Nev. :</subfield><subfield code="b">E.D. Kelley &amp; Co.,</subfield><subfield code="c">1869-1872.</subfield></datafield><datafield ind1=" " ind2=" " tag="300"><subfield code="a">5 v. ;</subfield><subfield code="c">49 cm.</subfield></datafield><datafield ind1=" " ind2=" " tag="310"><subfield code="a">Weekly,</subfield><subfield code="b">Dec. 31, 1870-May 25, 1872</subfield></datafield><datafield ind1=" " ind2=" " tag="321"><subfield code="a">Semiweekly,</subfield><subfield code="b">June 19, 1869-Dec. 24, 1870</subfield></datafield><datafield ind1="0" ind2=" " tag="362"><subfield code="a">Vol. 1, no. 1 (June 19, 1869)-v. 5, no. 25 (May 25, 1872).</subfield></datafield><datafield ind1=" " ind2=" " tag="500"><subfield code="a">Publishers: Berry &amp; Perkins, 1869; Berry, Perkins &amp; Street, 1869-1870; J.C. Davis &amp; W.B. Taylor, 1870-1872; George C. Berry, 1872; Berry &amp; Taylor, 1872; Sears &amp; Wright, 1872-1875.</subfield></datafield><datafield ind1=" " ind2=" " tag="500"><subfield code="a">"Democratic."</subfield></datafield><datafield ind1=" " ind2=" " tag="525"><subfield code="a">Supplements accompany some issues.</subfield></datafield><datafield ind1=" " ind2=" " tag="580"><subfield code="a">Opposing publication during campaign of 1870: Elko chronicle.</subfield></datafield><datafield ind1=" " ind2="0" tag="651"><subfield code="a">Elko (Nev.)</subfield><subfield code="v">Periodicals.</subfield></datafield><datafield ind1=" " ind2="7" tag="655"><subfield code="a">Periodicals.</subfield><subfield code="2">fast</subfield><subfield code="0">(OCoLC)fst01411641</subfield></datafield><datafield ind1=" " ind2="7" tag="651"><subfield code="a">Nevada</subfield><subfield code="z">Elko.</subfield><subfield code="2">fast</subfield><subfield code="0">(OCoLC)fst01217337</subfield></datafield><datafield ind1=" " ind2=" " tag="752"><subfield code="a">United States</subfield><subfield code="b">Nevada</subfield><subfield code="c">Elko</subfield><subfield code="d">Elko.</subfield></datafield><datafield ind1="0" ind2="0" tag="785"><subfield code="t">Weekly Elko independent</subfield><subfield code="w">(DLC)sn 86091341</subfield><subfield code="w">(OCoLC)13457719</subfield></datafield><datafield ind1="1" ind2=" " tag="787"><subfield code="t">Elko chronicle</subfield><subfield code="w">(DLC)sn 86076286</subfield><subfield code="w">(OCoLC)13789385</subfield></datafield></record>